@BOOK{Holt2017,
	AUTHOR = {Holt, Thomas J. AND Bossler, Adam M. AND Seigfried-Spellar, Kathryn C.},
	YEAR = {2017},
	TITLE = {Cybercrime and Digital Forensics - An Introduction},
	EDITION = {2nd},
	ISBN = {978-1-138-23873-2},
	PUBLISHER = {Routledge},
	ADDRESS = {New York},
}

@misc{CMU,
	author = {{Carnegie Mellon University}},
  	title = {Information security (MSIS) - information networking institute - college of engineering - Carnegie Mellon University},
	url={https://www.cmu.edu/ini/academics/msis/index.html},
}


@misc{SANS, 
	title={Foundations: System Architecture, operating system, and linux},
	url={https://www.sans.org/cyber-security-courses/foundations/},
	author={{SANS Institute}},
}

@misc{HOW,
	title={How To Become A Hacker},
	url={http://www.catb.org/~esr/faqs/hacker-howto.html},
	author={Eric Steven Raymond}
}

@BOOK{Hoffstein2016,
	AUTHOR = {Hoffstein, Jeffrey AND Pipher, Jill AND Silverman, Joseph H.},
	YEAR = {2016},
	TITLE = {An Introduction to Mathematical Cryptography - },
	EDITION = {2nd},
	ISBN = {978-1-493-93938-1},
	PUBLISHER = {Springer New York},
	ADDRESS = {Berlin-Heidelberg},
}

@BOOK{Hadnagy2018,
	AUTHOR = {Hadnagy, Christopher},
	YEAR = {2018},
	TITLE = {Social Engineering - The Science of Human Hacking},
	EDITION = {},
	ISBN = {978-1-119-43373-6},
	PUBLISHER = {John Wiley & Sons},
	ADDRESS = {New York},
}

@BOOK{Voss2016,
	AUTHOR = {Voss, Chris AND Raz, Tahl},
	YEAR = {2016},
	TITLE = {Never Split the Difference - Negotiating as if Your Life Depended on It},
	EDITION = {},
	ISBN = {978-1-473-53516-9},
	PUBLISHER = {Random House},
	ADDRESS = {New York},
}
@misc{CTF,
	author = {{Carnegie Mellon University}},
  	title = {CMU Crowned Hacking Champs at DefCon27},
	url={https://www.cmu.edu/ini/news/2019/defcon-champion20191.html},
}

